<record><leader>00000cas a22000007a 4500</leader><controlfield tag="001">14095171</controlfield><controlfield tag="008">860815d18941973pauwr ne      0    0eng d</controlfield><datafield ind1=" " ind2=" " tag="010"><subfield code="a">sn 86081750 </subfield></datafield><datafield ind1=" " ind2=" " tag="040"><subfield code="a">NPH</subfield><subfield code="b">eng</subfield><subfield code="c">NPH</subfield><subfield code="d">OCLCQ</subfield></datafield><datafield ind1=" " ind2=" " tag="042"><subfield code="a">msc</subfield></datafield><datafield ind1="0" ind2=" " tag="130"><subfield code="a">Belleville times (Belleville, Pa.)</subfield></datafield><datafield ind1="1" ind2="4" tag="245"><subfield code="a">The Belleville times.</subfield></datafield><datafield ind1="1" ind2="3" tag="246"><subfield code="a">Times</subfield></datafield><datafield ind1=" " ind2=" " tag="260"><subfield code="a">Belleville, Mifflin Co., Pa. :</subfield><subfield code="b">H.K. Spangler,</subfield><subfield code="c">1894-1973.</subfield></datafield><datafield ind1=" " ind2=" " tag="300"><subfield code="a">79 v. ;</subfield><subfield code="c">61 cm.</subfield></datafield><datafield ind1=" " ind2=" " tag="310"><subfield code="a">Weekly</subfield></datafield><datafield ind1="0" ind2=" " tag="362"><subfield code="a">Vol. 1, no. 1 (Feb. 14, 1894)-v. 78, no. 46 (Dec. 20, 1973).</subfield></datafield><datafield ind1=" " ind2=" " tag="500"><subfield code="a">Publishers: H.K. Spangler, Feb. 14, 1894-1896; C.K. Smoker, 1896-1904; J.K. Zook, 1905-1906; S.B. Zook and Son, Sept. 1906-1920; Charles E. Allison, Jan. 1921-Jan. 22, 1930; K.B. Bigelow and Robert B. Smith, Jan. 29, 1930-Apr. 28, 1936; F.W. Steffey for K.V.N. Bark, May 5-Sept. 4, 1936; A.G. Gibboney, Sept. 11, 1936-Apr. 1, 1947; Marian C. Gibboney, Apr. 7-Aug. 1, 1947; Marian C. Gibboney and Robert M. Himes, Aug. 7, 1947-Sept. 25, 1952; Robert M. Himes, Oct. 2, 1952-Dec. 20, 1973.</subfield></datafield><datafield ind1=" " ind2=" " tag="752"><subfield code="a">United States</subfield><subfield code="b">Pennsylvania</subfield><subfield code="c">Mifflin</subfield><subfield code="d">Belleville.</subfield></datafield></record>